<?xml version="1.0" encoding="UTF-8"?>
<collection xmlns:xsi="http://www.w3.org/2001/XMLSchema-instance" xsi:schemaLocation="http://www.loc.gov/MARC21/slim http://www.loc.gov/standards/marcxml/schema/MARC21slim.xsd" xmlns="http://www.loc.gov/MARC21/slim">
<record>
  <leader>01262cam a2200265   4500</leader>
  <controlfield tag="001">2957447</controlfield>
  <controlfield tag="003">NNC</controlfield>
  <controlfield tag="005">20130426002453.0</controlfield>
  <controlfield tag="008">930827s1968    iq            000 0 arar </controlfield>
  <datafield tag="010" ind1=" " ind2=" ">
    <subfield code="a">   74288126 </subfield>
  </datafield>
  <datafield tag="035" ind1=" " ind2=" ">
    <subfield code="a">(OCoLC)ocm28706575</subfield>
  </datafield>
  <datafield tag="035" ind1=" " ind2=" ">
    <subfield code="9">ASK2525CU</subfield>
  </datafield>
  <datafield tag="035" ind1=" " ind2=" ">
    <subfield code="a">(NNC)2957447</subfield>
  </datafield>
  <datafield tag="040" ind1=" " ind2=" ">
    <subfield code="a">DLC</subfield>
    <subfield code="c">CUY</subfield>
    <subfield code="d">CUY</subfield>
    <subfield code="d">ZCU</subfield>
  </datafield>
  <datafield tag="050" ind1="0" ind2=" ">
    <subfield code="a">BP70</subfield>
    <subfield code="b">.K464</subfield>
  </datafield>
  <datafield tag="100" ind1="1" ind2=" ">
    <subfield code="a">Khāqānī, ʻAlī.</subfield>
  </datafield>
  <datafield tag="245" ind1="1" ind2="0">
    <subfield code="a">Rijāl al-Khāqānī :</subfield>
    <subfield code="b">bi-qalam ʻAlī al-Khāqānī /</subfield>
    <subfield code="c">taḥqīq al-sayyid Muḥammad Ṣādiq Baḥr al-ʻUlūm ; ʻaniya bi-nashrihi wa-al-taqdīm lahu Ḥusayn al-Shaykh Ḥasan al-Khāqānī, ḥafīd al-muʾallif ; ṭabaʻa ʻalá nuskhat al-muṣa[nn]if.</subfield>
  </datafield>
  <datafield tag="250" ind1=" " ind2=" ">
    <subfield code="a">[al-Ṭabʻah 1.]</subfield>
  </datafield>
  <datafield tag="260" ind1=" " ind2=" ">
    <subfield code="a">[al-Najaf,</subfield>
    <subfield code="c">1968]</subfield>
  </datafield>
  <datafield tag="300" ind1=" " ind2=" ">
    <subfield code="a">32, 430, 72 p. ;</subfield>
    <subfield code="c">25 cm.</subfield>
  </datafield>
  <datafield tag="500" ind1=" " ind2=" ">
    <subfield code="a">A commentary by al-Khāqānī on al-Bahbahānī's al-Fawāʾid al-Rijālīyah, the partial text of which is included.  al-Bahbahānī's work forms the introduction to his notes (taʾlīqah) to al-Astarābādī's Minhaj al-Maqāl</subfield>
  </datafield>
  <datafield tag="650" ind1=" " ind2="0">
    <subfield code="a">Islam</subfield>
    <subfield code="v">Biography.</subfield>
  </datafield>
  <datafield tag="700" ind1="1" ind2=" ">
    <subfield code="a">Bahbahānī, Muḥammad Bāqir ibn Muḥammad Akmal,</subfield>
    <subfield code="d">1706 or 1707-1791 or 1792.</subfield>
  </datafield>
  <datafield tag="700" ind1="1" ind2=" ">
    <subfield code="a">Baḥr al-ʻUlūm, Muḥammad Ṣādiq,</subfield>
    <subfield code="e">editor.</subfield>
  </datafield>
  <datafield tag="955" ind1=" " ind2=" ">
    <subfield code="b">CU55316115</subfield>
    <subfield code="d">off,glx</subfield>
    <subfield code="e">BP70 .K464</subfield>
  </datafield>
</record>
</collection>